@book{Povh2015,
  doi = {10.1007/978-3-662-46321-5},
  url = {https://doi.org/10.1007/978-3-662-46321-5},
  year = {2015},
  publisher = {Springer Berlin Heidelberg},
  author = {Bogdan Povh and Klaus Rith and Christoph Scholz and Frank Zetsche and Werner Rodejohann},
  title = {Particles and Nuclei}
}

@book{zee2016,
 Author = {A. Zee},
 title = {Group Theory in a Nutshell for Physicists},
 description = {Group Theory in a Nutshell for Physicists (Book, 2016)},
 publisher = {Princeton University Press},
 interhash = {9a201859b60cb45b985d027e73794535},
 intrahash = {08e62e437d474ab3d004f7f08b2f8158},
 year = {2016},
 month = {mar},
 isbn = {0691162697},
 url = {https://www.xarg.org/ref/a/0691162697/}
}

@techreport{oreach2020,
      title         = "{Review of the 13 TeV ATLAS Open Data release}",
      institution   = "CERN",
      collaboration = "ATLAS Collaboration",
      address       = "Geneva",
      number        = "ATL-OREACH-PUB-2020-001",
      month         = "Jan",
      year          = "2020",
      reportNumber  = "ATL-OREACH-PUB-2020-001",
      url           = "https://cds.cern.ch/record/2707171",
}

@article{delphes,
   title={DELPHES 3: a modular framework for fast simulation of a generic collider experiment},
   volume={2014},
   ISSN={1029-8479},
   url={http://dx.doi.org/10.1007/JHEP02(2014)057},
   DOI={10.1007/jhep02(2014)057},
   number={2},
   journal={Journal of High Energy Physics},
   publisher={Springer Science and Business Media LLC},
   author={de Favereau, J. and Delaere, C. and Demin, P. and Giammanco, A. and Lema√Ætre, V. and Mertens, A. and Selvaggi, M.},
   year={2014},
   month={Feb}
}
